@book{Fitch2018,
  title={Fitch Ratings--Rating Definitions},
  author={Fitch Ratings, F},
  year={2018},
  publisher={Retrieved from https://www.fitchratings.com/site/dam/jcr:6b03c4cd-611d-47ec-b8f1-183c01b51b08/Rating%20Definitions%2021%20March%202018.pdf}
}

@article{cantor1994credit,
  title={Determinants and impact of sovereign credit ratings},
  author={Cantor, Richard and Packer, Frank},
  year={1996}
}


@book{becker2008reputation,
  title={Reputation and competition: evidence from the credit rating industry},
  author={Becker, Bo and Milbourn, Todd and others},
  year={2008},
  publisher={Harvard Business School}
}

@incollection{smith2002rating,
  title={Rating agencies: is there an agency issue?},
  author={Smith, Roy C and Walter, Ingo},
  booktitle={Ratings, rating agencies and the global financial system},
  pages={289--318},
  year={2002},
  publisher={Springer}
}

@article{daehler2018ratings,
  title={Rating Agencies as Foreign Policy Tools: Two Empirical Models},
  author={D{\"a}hler, Timo},
  year={2018}
}

@article{dale1991regulatory,
  title={The regulatory use of credit ratings in international financial markets},
  author={Dale, Richard S and Thomas, Stephen H},
  journal={Journal of International Securities Markets},
  volume={5},
  number={3},
  pages={9--18},
  year={1991}
}

@article{ferri1999procyclical,
  title={The procyclical role of rating agencies: Evidence from the East Asian crisis},
  author={Ferri, Giovanni and Liu, L-G and Stiglitz, Joseph E},
  journal={Economic Notes},
  volume={28},
  number={3},
  pages={335--355},
  year={1999},
  publisher={Wiley Online Library}
}

@book{gaillard2011century,
  title={A century of sovereign ratings},
  author={Gaillard, Norbert},
  year={2011},
  publisher={Springer Science \& Business Media}
}

@book{krugman2015,
  title={Nonlinearity, Multiple Equilibria, and the Problem of Too Much Fun (Wonkish)},
  author={Krugman, Paul},
  publisher={Retrieved from https://krugman.blogs.nytimes.com/2015/04/15/nonlinearity-multiple-equilibria-and-the-problem-of-too-much-fun-wonkish/},
  year={2015},
}

@book{economist2011,
  title={Multiple equilibria},
  author={The Economist, The},
  publisher={Retrieved from https://www.economist.com/blogs/freeexchange/2011/10/illustrated-euro-crisis},
  year={2011},
}

@book{financialtimes2015,
  title={Macroeconomists need new tools to challenge consensus},
  author={The Financial Times, The},
  publisher={Retrieved from https://www.ft.com/content/a43c47e0-df8b-11e4-a6c4-00144feab7de},
  year={2015},
}

@book{romer2012,
  title={Advanced Macroeconomics, 4th edn.},
  author={Romer, David},
  year={2012},
  publisher={McGraw-Hil Irwin}
}

@article{calvo1988servicing,
  title={Servicing the public debt: The role of expectations},
  author={Calvo, Guillermo A},
  journal={The American Economic Review},
  pages={647--661},
  year={1988},
  publisher={JSTOR}
}

@article{gartner2017rating,
  title={Rating Agencies, Self-Fulfilling Prophecy and Multiple Equilibria? An Empirical Model of the European Sovereign Debt Crisis 2009-2011},
  author={G{\"a}rtner, Manfred and Griesbach, Bjorn},
  journal={Business and Economic Research},
  volume={7},
  number={1},
  pages={199--226},
  year={2017}
}

@book{perrelli2001foreign,
  title={Foreign currency credit ratings for emerging market economies},
  author={Perrelli, Mr Roberto and Mulder, Mr Christian B},
  number={1-191},
  year={2001},
  publisher={International Monetary Fund}
}

@article{el2009role,
  title={The role of rating agencies in financial crises: event studies from the Asian flu},
  author={El-Shagi, Makram},
  journal={Cambridge Journal of Economics},
  volume={34},
  number={4},
  pages={671--685},
  year={2009},
  publisher={Oxford University Press}
}

@article{hu2002estimation,
  title={The estimation of transition matrices for sovereign credit ratings},
  author={Hu, Yen-Ting and Kiesel, Rudiger and Perraudin, William},
  journal={Journal of Banking \& Finance},
  volume={26},
  number={7},
  pages={1383--1406},
  year={2002},
  publisher={Elsevier}
}

@article{block2004price,
  title={The price of democracy: sovereign risk ratings, bond spreads and political business cycles in developing countries},
  author={Block, Steven A and Vaaler, Paul M},
  journal={Journal of International Money and Finance},
  volume={23},
  number={6},
  pages={917--946},
  year={2004},
  publisher={Elsevier}
}

@article{afonso2009ordered,
  title={Ordered response models for sovereign debt ratings},
  author={Afonso, Antonio and Gomes, Pedro and Rother, Philipp},
  journal={Applied Economics Letters},
  volume={16},
  number={8},
  pages={769--773},
  year={2009},
  publisher={Taylor \& Francis}
}

@article{kiff2012rating,
  title={Are rating agencies powerful? An investigation into the impact and accuracy of sovereign ratings},
  author={Kiff, John and Nowak, Sylwia Barbara and Schumacher, Liliana B},
  year={2012},
  publisher={IMF Working Paper No}
}

@article{gartner2011pigs,
  title={PIGS or lambs? The European sovereign debt crisis and the role of rating agencies},
  author={G{\"a}rtner, Manfred and Griesbach, Bj{\"o}rn and Jung, Florian},
  journal={International advances in economic research},
  volume={17},
  number={3},
  pages={288},
  year={2011},
  publisher={Springer}
}

@article{kamin1999evolution,
  title={The evolution and determinants of emerging markets credit spreads in the 1990s},
  author={Kamin, Steven B and Von Kleist, Karsten},
  year={1999}
}

@techreport{eichengreen1998explains,
  title={What explains changing spreads on emerging-market debt: fundamentals or market sentiment?},
  author={Eichengreen, Barry and Mody, Ashoka},
  year={1998},
  institution={National Bureau of Economic Research}
}

@article{gomez2006size,
  title={Size matters for liquidity: Evidence from EMU sovereign yield spreads},
  author={Gomez-Puig, Marta},
  journal={Economics Letters},
  volume={90},
  number={2},
  pages={156--162},
  year={2006},
  publisher={Elsevier}
}

@article{archer2007sovereign,
  title={Sovereign bonds and the “democratic advantage”: Does regime type affect credit rating agency ratings in the developing world?},
  author={Archer, Candace C and Biglaiser, Glen and DeRouen, Karl},
  journal={International organization},
  volume={61},
  number={2},
  pages={341--365},
  year={2007},
  publisher={Cambridge University Press}
}

@article{reisen1999boom,
  title={Boom and bust and sovereign ratings},
  author={Reisen, Helmut and Von Maltzan, Julia},
  journal={International Finance},
  volume={2},
  number={2},
  pages={273--293},
  year={1999},
  publisher={Wiley Online Library}
}

@article{coeurdacier2013home,
  title={Home bias in open economy financial macroeconomics},
  author={Coeurdacier, Nicolas and Rey, Helene},
  journal={Journal of Economic Literature},
  volume={51},
  number={1},
  pages={63--115},
  year={2013}
}

@article{masson1999contagion,
  title={Contagion:: macroeconomic models with multiple equilibria},
  author={Masson, Paul},
  journal={Journal of International Money and Finance},
  volume={18},
  number={4},
  pages={587--602},
  year={1999},
  publisher={Elsevier}
}

@book{krugman2012international,
  title={International economics: Theory and policy, 9/E},
  author={Krugman, Paul R},
  year={2012},
  publisher={Pearson Education India}
}



@article{afonso2007hides,
  title={What'Hides' Behind Sovereign Debt Ratings?},
  author={Afonso, Ant{\'o}nio and Gomes, Pedro M and Rother, Philipp},
  year={2007}
}


@article{fuchs2017home,
  title={The home bias in sovereign ratings},
  author={Fuchs, Andreas and Gehring, Kai},
  journal={Journal of the European Economic Association},
  volume={15},
  number={6},
  pages={1386--1423},
  year={2017},
  publisher={Oxford University Press}
}

@book{voeten2013data,
  title={Data and analyses of voting in the United Nations General Assembly},
  author={Voeten, Erik},
  year={2013},
  publisher={Routledge London}
}

@article{signorino1999tau,
  title={Tau-b or not tau-b: measuring the similarity of foreign policy positions},
  author={Signorino, Curtis S and Ritter, Jeffrey M},
  journal={International Studies Quarterly},
  volume={43},
  number={1},
  pages={115--144},
  year={1999},
  publisher={Wiley Online Library}
}


@article{eaton1986pure,
  title={The pure theory of country risk},
  author={Eaton, Jonathan and Gersovitz, Mark and Stiglitz, Joseph E},
  journal={European Economic Review},
  volume={30},
  number={3},
  pages={481--513},
  year={1986},
  publisher={Elsevier}
}


@book{gartner2012rating,
  title={Rating agencies, self-fulfilling prophecy and multiple equilibria?: An empirical model of the European sovereign debt crisis 2009-2011},
  author={G{\"a}rtner, Manfred and Griesbach, Bj{\"o}rn and others},
  year={2012},
  publisher={School of Economics and Political Science, Department of Economics, University of St. Gallen}
}

@article{mellios2006factors,
  title={Which factors determine sovereign credit ratings?},
  author={Mellios, Constantin and Paget-Blanc, Eric},
  journal={The European Journal of Finance},
  volume={12},
  number={4},
  pages={361--377},
  year={2006},
  publisher={Taylor \& Francis}
}

@article{afonso2009ordered,
  title={Ordered response models for sovereign debt ratings},
  author={Afonso, Antonio and Gomes, Pedro and Rother, Philipp},
  journal={Applied Economics Letters},
  volume={16},
  number={8},
  pages={769--773},
  year={2009},
  publisher={Taylor \& Francis}
}






































@article{Reference1,
	Abstract = {We have developed an enhanced Littrow configuration extended cavity diode laser (ECDL) that can be tuned without changing the direction of the output beam. The output of a conventional Littrow ECDL is reflected from a plane mirror fixed parallel to the tuning diffraction grating. Using a free-space Michelson wavemeter to measure the laser wavelength, we can tune the laser over a range greater than 10 nm without any alteration of alignment.},
	Author = {C. J. Hawthorn and K. P. Weber and R. E. Scholten},
	Journal = {Review of Scientific Instruments},
	Month = {December},
	Number = {12},
	Numpages = {3},
	Pages = {4477--4479},
	Title = {Littrow Configuration Tunable External Cavity Diode Laser with Fixed Direction Output Beam},
	Volume = {72},
	Url = {http://link.aip.org/link/?RSI/72/4477/1},
	Year = {2001}}

@article{Reference3,
	Abstract = {Operating a laser diode in an extended cavity which provides frequency-selective feedback is a very effective method of reducing the laser's linewidth and improving its tunability. We have developed an extremely simple laser of this type, built from inexpensive commercial components with only a few minor modifications. A 780~nm laser built to this design has an output power of 80~mW, a linewidth of 350~kHz, and it has been continuously locked to a Doppler-free rubidium transition for several days.},
	Author = {A. S. Arnold and J. S. Wilson and M. G. Boshier},
	Journal = {Review of Scientific Instruments},
	Month = {March},
	Number = {3},
	Numpages = {4},
	Pages = {1236--1239},
	Title = {A Simple Extended-Cavity Diode Laser},
	Volume = {69},
	Url = {http://link.aip.org/link/?RSI/69/1236/1},
	Year = {1998}}

@article{Reference2,
	Abstract = {We present a review of the use of diode lasers in atomic physics with an extensive list of references. We discuss the relevant characteristics of diode lasers and explain how to purchase and use them. We also review the various techniques that have been used to control and narrow the spectral outputs of diode lasers. Finally we present a number of examples illustrating the use of diode lasers in atomic physics experiments. Review of Scientific Instruments is copyrighted by The American Institute of Physics.},
	Author = {Carl E. Wieman and Leo Hollberg},
	Journal = {Review of Scientific Instruments},
	Keywords = {Diode Laser},
	Month = {January},
	Number = {1},
	Numpages = {20},
	Pages = {1--20},
	Title = {Using Diode Lasers for Atomic Physics},
	Volume = {62},
	Url = {http://link.aip.org/link/?RSI/62/1/1},
	Year = {1991}}
    
%%%% my part 

@article{fukuyama1989end,
  title={The end of history?},
  author={Fukuyama, Francis},
  journal={The national interest},
  number={16},
  pages={3--18},
  year={1989},
  publisher={JSTOR}
}

@book{krugman2009conscience,
  title={The conscience of a liberal},
  author={Krugman, Paul},
  year={2009},
  publisher={WW Norton \& Company}
}

@book{stiglitz2012price,
  title={The price of inequality},
  author={Stiglitz, Joseph},
  year={2012},
  publisher={Penguin UK}
}

@book{piketty2014capital,
  title={Capital in the twenty-first century},
  author={Piketty, Thomas and Goldhammer, Arthur},
  year={2014},
  publisher={Belknap Press}
}

Summers…..

@book{mahbubani2014great,
  title={The Great Convergence: Asia, the West, and the Logic of One World},
  author={Mahbubani, Kishore},
  year={2014},
  publisher={PublicAffairs}
}

@book{keynes1936general,
  title={General theory of employment, interest and money},
  author={Keynes, John Maynard},
  year={1936},
  publisher={Atlantic Publishers \& Dist}
}

@book{friedman2008monetary,
  title={A monetary history of the United States, 1867-1960},
  author={Friedman, Milton and Schwartz, Anna Jacobson},
  year={2008},
  publisher={Princeton University Press}
}
 
@article{solow1956contribution,
  title={A contribution to the theory of economic growth},
  author={Solow, Robert M},
  journal={The quarterly journal of economics},
  pages={65--94},
  year={1956},
  publisher={JSTOR}
}

@article{swan1956economic,
  title={Economic growth and capital accumulation},
  author={Swan, Trevor W},
  journal={Economic record},
  volume={32},
  number={2},
  pages={334--361},
  year={1956},
  publisher={Wiley Online Library}
}

@article{summers2014us,
  title={US economic prospects: Secular stagnation, hysteresis, and the zero lower bound},
  author={Summers, Lawrence H},
  journal={Business Economics},
  volume={49},
  number={2},
  pages={65--73},
  year={2014},
  publisher={Nature Publishing Group}
}

@techreport{gordon2012us,
  title={Is US economic growth over? Faltering innovation confronts the six headwinds},
  author={Gordon, Robert J},
  year={2012},
  institution={National Bureau of Economic Research}
}

@techreport{gordon2014demise,
  title={The demise of US economic growth: Restatement, rebuttal, and reflections},
  author={Gordon, Robert J},
  year={2014},
  institution={National Bureau of Economic Research}
}

@techreport{gordon2010revisiting,
  title={Revisiting US productivity growth over the past century with a view of the future},
  author={Gordon, Robert J},
  year={2010},
  institution={National Bureau of Economic Research}
}


@techreport{gordon2010revisiting,
  title={Revisiting US productivity growth over the past century with a view of the future},
  author={Gordon, Robert J},
  year={2010},
  institution={National Bureau of Economic Research}
}



@book{north1973,
  title={The Rise of the Western World: A New Economic History},
  author={North, Douglas C. and Robert Thomas},
  year={1973},
  publisher={New York: Cambridge University Press}
}


@article{robert1988mechanics,
  title={On the mechanics of economic development},
  author={Robert, Lucas},
  journal={Journal of Monetary Economics},
  volume={22},
  number={1},
  pages={3--42},
  year={1988}
}

@article{quah1996twin,
  title={Twin peaks: growth and convergence in models of distribution dynamics},
  author={Quah, Danny T},
  journal={The Economic Journal},
  pages={1045--1055},
  year={1996},
  publisher={JSTOR}
}

@techreport{acemoglu2001world,
  title={The world income distribution},
  author={Acemoglu, Daron and Ventura, Jaume},
  year={2001},
  institution={National bureau of economic research}
}

@article{sala2006world,
  title={The world distribution of income: falling poverty and... convergence, period},
  author={Sala-i-Martin, Xavier},
  journal={The Quarterly Journal of Economics},
  pages={351--397},
  year={2006},
  publisher={JSTOR}
}

@book{mahbubani2014great,
  title={The Great Convergence: Asia, the West, and the Logic of One World},
  author={Mahbubani, Kishore},
  year={2014},
  publisher={PublicAffairs}
}

@article{friedman1982monetary,
  title={Monetary policy: Theory and practice},
  author={Friedman, Milton},
  journal={Journal of Money, Credit and Banking},
  pages={98--118},
  year={1982},
  publisher={JSTOR}
}

@book{keynes2006general,
  title={General theory of employment, interest and money},
  author={Keynes, John Maynard},
  year={1936},
  publisher={Atlantic Publishers \& Dist}
}

@techreport{bernanke2012monetary,
  title={Monetary Policy since the Onset of the Crisis},
  author={Bernanke, Ben},
  year={2012},
  institution={Federal Reserve Bank of Kansas City at Jackson Hole Wyoming}
}

@techreport{romer2002evolution,
  title={The evolution of economic understanding and postwar stabilization policy},
  author={Romer, Christina D and Romer, David H},
  year={2002},
  institution={National Bureau of Economic Research}
}

@techreport{feldstein2009rethinking,
  title={Rethinking the role of fiscal policy},
  author={Feldstein, Martin S},
  year={2009},
  institution={National Bureau of Economic Research}
}

@book{grigoli2014world,
  title={World Saving},
  author={Grigoli, Francesco and Herman, Alexander and Schmidt-Hebbel, Klaus},
  year={2014},
  publisher={IMF Working Paper}
}

@article{blyth2017black,
  title={Black Swans, Lame Ducks, and the mystery of IPE's missing macroeconomy},
  author={Blyth, Mark and Matthijs, Matthias},
  journal={Review of international political economy},
  volume={24},
  number={2},
  pages={203--231},
  year={2017},
  publisher={Taylor \& Francis}
}

@article{schumacher2014self,
  title={On the self-fulfilling prophecy of changes in sovereign ratings},
  author={Schumacher, Ingmar},
  journal={Economic Modelling},
  volume={38},
  pages={351--356},
  year={2014},
  publisher={Elsevier}
}

@article{aizenman2013credit,
  title={Credit ratings and the pricing of sovereign debt during the euro crisis},
  author={Aizenman, Joshua and Binici, Mahir and Hutchison, Michael},
  journal={Oxford Review of Economic Policy},
  volume={29},
  number={3},
  pages={582--609},
  year={2013},
  publisher={Oxford University Press UK}
}

@incollection{akerlof1978market,
  title={The market for “lemons”: Quality uncertainty and the market mechanism},
  author={Akerlof, George A},
  booktitle={Uncertainty in economics},
  pages={235--251},
  year={1978},
  publisher={Elsevier}
}

@article{de2012mispricing,
  title={Mispricing of sovereign risk and multiple equilibria in the Eurozone},
  author={De Grauwe, Paul and Ji, Yuemei},
  journal={Centre for European Policy Working Paper},
  number={361},
  year={2012}
}

@article{soudis2015credit,
  title={Credit Rating Agencies and the IPE: Not as influential as thought?},
  author={Soudis, Dimitrios},
  journal={Review of International Political Economy},
  volume={22},
  number={4},
  pages={813--837},
  year={2015},
  publisher={Taylor \& Francis}
}

@book{candelon2011sovereign,
  title={Sovereign rating news and financial markets spillovers: Evidence from the European debt crisis},
  author={Candelon, Bertrand and Sy, Mr Amadou NR and Arezki, Mr Rabah},
  number={11-68},
  year={2011},
  publisher={International Monetary Fund}
}

@article{von2011government,
  title={Government bond risk premiums in the EU revisited: The impact of the financial crisis},
  author={Von Hagen, J{\"u}rgen and Schuknecht, Ludger and Wolswijk, Guido},
  journal={European Journal of Political Economy},
  volume={27},
  number={1},
  pages={36--43},
  year={2011},
  publisher={Elsevier}
}



@book{WSJ2011,
  title={S\&P ‘Oops’ on Rating of France Is Probed},
  author={WSJ},
  year={2011},
  publisher={Retrieved from https://www.wsj.com/articles/SB10001424052970204224604577030083804142906}
}

@book{SP2011,
  title={Sovereign Government Rating Methodology And Assumptions},
  author={ Standard\&Poor's},
  year={2011},
  publisher={Retrieved from https://www.concertedaction.com/wp-content/uploads/2012/05/Standard-Poors-Sovereign-Government-Rating-And-Methodology.pdf }
}


@book{Reuters2011,
  title={France shocked by S\&P downgrade error},
  author={Reuters},
  year={2011},
  publisher={Reuters},
  url = {https://uk.reuters.com/article/uk-france-ratings-sandp-error/france-shocked-by-sp-downgrade-error-idUKTRE7AA12820111111}
}

@article{samuelson1988status,
  title={Status quo bias in decision making},
  author={Samuelson, William and Zeckhauser, Richard},
  journal={Journal of risk and uncertainty},
  volume={1},
  number={1},
  pages={7--59},
  year={1988},
  publisher={Springer}
}

@article{aizenman2013risk,
  title={What is the risk of European sovereign debt defaults? Fiscal space, CDS spreads and market pricing of risk},
  author={Aizenman, Joshua and Hutchison, Michael and Jinjarak, Yothin},
  journal={Journal of International Money and Finance},
  volume={34},
  pages={37--59},
  year={2013},
  publisher={Elsevier}
}


@book{Gartner2014-18,
  title={Standards are Poor: On Competence and Professional Integrity at the Leading Rating Agency},
  author={G{\"a}rtner, Manfred},
  year={2014},
  publisher={SEPS Discussion Paper}
}

@techreport{daehler2015raise,
  title={Clear and present danger? No, the US economy does not need further support from the FED},
  author={Daehler, Timo B},
  year={2015},
  institution={Economics Club St.Gallen}
}

@book{elmendorf2014budget,
  title={The Budget and Economic Outlook},
  author={Elmendorf, Douglas W},
  publisher={Retrieved from https://www.cbo.gov/publication/45010},
  year={2014}
}

@article{mgi2015productivity,
  title={Global Growth-Can productivity save the day in an aging world?},
  author={Elmendorf, Douglas W},
  journal={Director},
  year={2014}
}

@article{romer1986increasing,
  title={Increasing returns and long-run growth},
  author={Romer, Paul M},
  journal={The journal of political economy},
  pages={1002--1037},
  year={1986},
  publisher={JSTOR}
}

@article{rowstow1959stages,
  title={The stages of economic growth},
  author={Rostow, Walt W},
  journal={The Economic History Review},
  volume={12},
  number={1},
  pages={1--16},
  year={1959},
  publisher={Wiley Online Library}
}

@book{hicks1963theory,
  title={The theory of wages},
  author={Hicks, JR},
  year={1932},
  publisher={London}
}

@book{breit2009lives,
  title={Lives of the laureates: twenty-three Nobel economists},
  author={Breit, William and Hirsch, Barry T},
  year={2009},
  publisher={MIT Press}
}


@article{phillips1958relationship,
  title={The relationship between unemployment and the rate of change of money wages 1862-1957},
  author={Phillips, WA},
  journal={Economica},
  volume={34},
  pages={254--81},
  year={1958}
}

@article{samuelson1960analytical,
  title={Analytical aspects of anti-inflation policy},
  author={Samuelson, Paul A and Solow, Robert M},
  journal={The American Economic Review},
  pages={177--194},
  year={1960},
  publisher={JSTOR}
}

@article{nash1951non,
  title={Non-cooperative games},
  author={Nash, John},
  journal={Annals of mathematics},
  pages={286--295},
  year={1951},
  publisher={JSTOR}
}

@article{pritchett1997divergence,
  title={Divergence, big time},
  author={Pritchett, Lant},
  journal={The Journal of Economic Perspectives},
  pages={3--17},
  year={1997},
  publisher={JSTOR}
}

@article{ross2009china,
  title={China's naval nationalism: sources, prospects, and the US response},
  author={Ross, Robert S},
  journal={International Security},
  volume={34},
  number={2},
  pages={46--81},
  year={2009},
  publisher={MIT Press}
}

@article{reinhart2013banking,
  title={Banking crises: an equal opportunity menace},
  author={Reinhart, Carmen M and Rogoff, Kenneth S},
  journal={Journal of Banking \& Finance},
  volume={37},
  number={11},
  pages={4557--4573},
  year={2013},
  publisher={Elsevier}
}

@techreport{reinhart2014recovery,
  title={Recovery from financial crises: Evidence from 100 episodes},
  author={Reinhart, Carmen M and Rogoff, Kenneth S},
  year={2014},
  institution={National Bureau of Economic Research}
}


@book{rogoff2015debt,
  title={Debt supercycle, not secular stagnation},
  author={Rogoff, Kenneth S},
  year={2015},
  publisher={Retrieved from http://www.voxeu.org/article/debt-supercycle-not-secular-stagnation}
}

@book{ainslie1992picoeconomics,
  title={Picoeconomics: the interaction of successive motivational states within the individual},
  author={Ainslie, George},
  year={1992},
  publisher={Cambridge University Press}
}

@book{loewenstein1992choice,
  title={Choice over time},
  author={Loewenstein, George and Elster, Jon},
  year={1992},
  publisher={Russell Sage Foundation}
}

@article{pomeranz2000great,
  title={The great divergence: China},
  author={Pomeranz, Kenneth},
  journal={Europe, and the making of the modern world economy (Princeton, 2000)},
  volume={36},
  pages={44--47},
  year={2000}
}

@book{snowdon2005modern,
  title={Modern macroeconomics: its origins, development and current state},
  author={Snowdon, Brian and Vane, Howard R},
  year={2005},
  publisher={Edward Elgar Publishing}
}

@article{abramovitz1986catching,
  title={Catching up, forging ahead, and falling behind},
  author={Abramovitz, Moses},
  journal={The Journal of Economic History},
  volume={46},
  number={02},
  pages={385--406},
  year={1986},
  publisher={Cambridge Univ Press}
}

@article{baumol1986productivity,
  title={Productivity growth, convergence, and welfare: what the long-run data show},
  author={Baumol, William J},
  journal={The American Economic Review},
  pages={1072--1085},
  year={1986},
  publisher={JSTOR}
}

@article{lucas1988mechanics,
  title={On the mechanics of economic development},
  author={Lucas, Robert E},
  journal={Journal of monetary economics},
  volume={22},
  number={1},
  pages={3--42},
  year={1988},
  publisher={Elsevier}
}

@incollection{stock2003has,
  title={Has the business cycle changed and why?},
  author={Stock, James H and Watson, Mark W},
  booktitle={NBER Macroeconomics Annual 2002, Volume 17},
  pages={159--230},
  year={2003},
  publisher={MIT press}
}


@book{rostow1990stages,
  title={The stages of economic growth: A non-communist manifesto},
  author={Rostow, Walt Whitman},
  year={1990},
  publisher={Cambridge University Press}
}


@article{kydland1996computational,
  title={The computational experiment: an econometric tool},
  author={Kydland, Finn E and Prescott, Edward C},
  journal={The Journal of Economic Perspectives},
  pages={69--85},
  year={1996},
  publisher={JSTOR}
}

@article{kaldor1957model,
  title={A model of economic growth},
  author={Kaldor, Nicholas},
  journal={The economic journal},
  pages={591--624},
  year={1957},
  publisher={JSTOR}
}

@book{kuznets1966modern,
  title={Modern economic growth: Rate, structure, and spread},
  author={Kuznets, Simon and Murphy, John Thomas},
  volume={2},
  year={1966},
  publisher={Yale University Press New Haven}
}

@article{diamond1997guns,
  title={Guns},
  author={Diamond, Jared},
  journal={Germs and Steel: The Fates of Human Societies, Vintage},
  year={1997}
}

@article{olson1993dictatorship,
  title={Dictatorship, Democracy, and Development.},
  author={Olson, Mancur},
  journal={American Political Science Review},
  volume={87},
  number={03},
  pages={567--576},
  year={1993},
  publisher={Cambridge Univ Press}
}

@book{olson2000power,
  title={Power And Prosperity: Outgrowing Communist And Capitalist Dictatorships: Outgrowing Communist and Capitalist Dictatorships},
  author={Olson, Mancur},
  year={2000},
  publisher={Basic books}
}

@techreport{acemoglu2000colonial,
  title={The colonial origins of comparative development: An empirical investigation},
  author={Acemoglu, Daron and Johnson, Simon and Robinson, James A},
  year={2000},
  institution={National bureau of economic research}
}

@article{acemoglu2000did,
  title={Why did the West extend the franchise? Democracy, inequality, and growth in historical perspective},
  author={Acemoglu, Daron and Robinson, James A},
  journal={Quarterly Journal of Economics},
  pages={1167--1199},
  year={2000},
  publisher={JSTOR}
}

@article{acemoglu2000political,
  title={Political losers as a barrier to economic development},
  author={Acemoglu, Daron and Robinson, James A},
  journal={American Economic Review},
  pages={126--130},
  year={2000},
  publisher={JSTOR}
}

@techreport{acemoglu2001reversal,
  title={Reversal of fortune: Geography and institutions in the making of the modern world income distribution},
  author={Acemoglu, Daron and Johnson, Simon and Robinson, James A},
  year={2001},
  institution={National bureau of economic research}
}

@article{acemoglu2003institutional,
  title={Institutional causes, macroeconomic symptoms: volatility, crises and growth},
  author={Acemoglu, Daron and Johnson, Simon and Robinson, James and Thaicharoen, Yunyong},
  journal={Journal of monetary economics},
  volume={50},
  number={1},
  pages={49--123},
  year={2003},
  publisher={Elsevier}
}

@misc{acemoglu2012nations,
  title={Why Nations Fail: Origins of Power, Poverty and Prosperity},
  author={Acemoglu, Daron and Robinson, James},
  year={2012},
  publisher={Crown Publishers (Random House)}
}

@book{snowdon2005modern,
  title={Modern macroeconomics: its origins, development and current state},
  author={Snowdon, Brian and Vane, Howard R},
  year={2005},
  publisher={Edward Elgar Publishing}
}

@techreport{romer1988capital,
  title={Capital accumulation in the theory of long run growth},
  author={Romer, Paul M},
  year={1988},
  institution={University of Rochester-Center for Economic Research (RCER)}
}

@book{jones1998introduction,
  title={Introduction To Economic Growth 2nd Edition},
  author={Jones, Charles},
  year={1998}
}

@book{kaldor1961capital,
  title={Capital accumulation and economic growth},
  author={Kaldor, Nicholas},
  year={1961},
  publisher={Macmillan}
}

@article{barro1992convergence,
  title={Convergence},
  author={Barro, Robert J and Sala-i-Martin, Xavier},
  journal={Journal of political Economy},
  pages={223--251},
  year={1992},
  publisher={JSTOR}
}

@article{taylor1997core,
  title={A core of practical macroeconomics},
  author={Taylor, John B},
  journal={The American Economic Review},
  pages={233--235},
  year={1997},
  publisher={JSTOR}
}

@article{solow1957contribution,
  title={A contribution to the theory of economic growth},
  author={Solow, Robert M},
  journal={The quarterly journal of economics},
  pages={65--94},
  year={1957},
  publisher={JSTOR}
}


@article{collier1999explaining,
  title={Explaining African economic performance},
  author={Collier, Paul and Gunning, Jan Willem},
  journal={Journal of economic literature},
  pages={64--111},
  year={1999},
  publisher={JSTOR}
}

@techreport{jones2009new,
  title={The new Kaldor facts: ideas, institutions, population, and human capital},
  author={Jones, Charles I and Romer, Paul M},
  year={2009},
  institution={National Bureau of Economic Research}
}

@book{kuznets1966modern,
  title={Modern economic growth: Rate, structure, and spread},
  author={Kuznets, Simon and Murphy, John Thomas},
  volume={2},
  year={1966},
  publisher={Yale University Press New Haven}
}

@book{adelman1961theories,
  title={Theories of economic growth and development},
  author={Adelman, Irma},
  year={1961},
  publisher={Stanford University Press}
}

@article{gallup1998economic,
  title={Economic Growth and the Income of the Poor},
  author={Gallup, John Luke and Radelet, Steven and Warner, Andrew},
  journal={Manuscript, Harvard Institute for International Development},
  year={1998}
}

@article{gallup1999geography,
  title={Geography and economic development},
  author={Gallup, John Luke and Sachs, Jeffrey D and Mellinger, Andrew D},
  journal={International regional science review},
  volume={22},
  number={2},
  pages={179--232},
  year={1999},
  publisher={Sage Publications}
}

@article{gallup1998economic,
  title={Economic Growth and the Income of the Poor},
  author={Gallup, John Luke and Radelet, Steven and Warner, Andrew},
  journal={Manuscript, Harvard Institute for International Development},
  year={1998}
}

@misc{feldstein1982domestic,
  title={Domestic saving and international capital movements in the long run and the short run},
  author={Feldstein, Martin S},
  year={1982},
  publisher={National Bureau of Economic Research Cambridge, Mass., USA}
}

@article{mankiw1995growth,
  title={The growth of nations},
  author={Mankiw, N Gregory and Phelps, Edmund S and Romer, Paul M},
  journal={Brookings papers on economic activity},
  pages={275--326},
  year={1995},
  publisher={JSTOR}
}

@article{fagerberg1994technology,
  title={Technology and international differences in growth rates},
  author={Fagerberg, Jan},
  journal={Journal of economic Literature},
  pages={1147--1175},
  year={1994},
  publisher={JSTOR}
}

@book{aghion2009economics,
  title={The Economics of Growth},
  author={Aghion, Philippe and Howitt, Peter},
  year={2009},
  publisher={MIT Press}
}

@misc{barro2003economic,
  title={Economic growth, 2nd},
  author={Barro, Robert J and Sala-i-Martin, Xavier},
  year={2003},
  publisher={MIT Press}
}

@book{acemoglu2008introduction,
  title={Introduction to modern economic growth},
  author={Acemoglu, Daron},
  year={2008},
  publisher={Princeton University Press}
}

@book{ferguson2011civilization,
  title={Civilization: the West and the Rest},
  author={Ferguson, Niall},
  year={2011},
  publisher={Penguin}
}

@techreport{mankiw1990contribution,
  title={A contribution to the empirics of economic growth},
  author={Mankiw, Gregory N and Romer, David and Weil, David N},
  year={1990},
  institution={National Bureau of Economic Research}
}

@book{gartner2009macroeconomics,
  title={Macroeconomics. 3e},
  author={Gartner, Manfred},
  year={2009},
  publisher={PrenticeHall}
}

@book{stiglitz2011ideological,
  title={The ideological crisis of Western capitalism},
  author={Stiglitz, Joseph E},
  publisher={Retrieved from http://www.project-syndicate.org/commentary/the-ideological-crisis-of-western-capitalism?barrier=true},
  year={2011}
}

@book{summers2015time,
  title={Time US leadership woke up to new economic era},
  author={Summers, Lawrence H},
  publisher={Retrieved from http://larrysummers.com/2015/04/05/time-us-leadership-woke-up-to-new-economic-era/},
  year={2015},
}

@book{maddison2001world,
  title={New Maddison Project Database},
  author={Maddison, Angus},
  journal={Retrieved from http://www.ggdc.net/maddison/maddison-project/home.htm},
  year={2001}
}

@book{klugman2010human,
  title={Human Development Report 2010--20th Anniversary Edition. The Real Wealth of Nations: Pathways to Human Development},
  author={Klugman, Jeni},
  year={2010},
  publisher={The Real Wealth of Nations: Pathways to Human Development (November 4, 2010). UNDP-HDRO Human Development Report}
}

@ONLINE{heston2012penn,
author = {Heston, Alan and Summers, Robert and Aten, Bettina},
title = {Penn World Tables 7.1 {@ONLINE}},
month = nov,
year = {2012},
url = {https://pwt.sas.upenn.edu/php_site/pwt71/pwt71_form.php}
}

@book{IMF2015database,
author = {{IMF}},
title = {IMF World Economic Outlook Database},
month = jul,
year = {2015},
publisher = {Retrieved from http://www.imf.org/external/pubs/ft/weo/2015/01/weodata/index.aspx}
}

@book{IBRD2015database,
author = {{World Bank}},
title = {The World Bank World DataBank World Development Indicators },
year = {2015},
publisher = {Retrieved from http://databank.worldbank.org/data/reports.aspx?source=world-development-indicators}
}

@book{yahoo2015database,
author = {{Yahoo}},
title = {Yahoo Finance Database},
year = {2015},
publisher = {Retrieved from http://finance.yahoo.com/market-overview/}
}

@book{floud2014cambridge,
  title={The Cambridge Economic History of Modern Britain: Volume 1, Industrialisation, 1700--1870},
  author={Floud, Roderick and Humphries, Jane and Johnson, Paul},
  year={2014},
  publisher={Cambridge University Press}
}

@book{rush1998macroeconomics,
  title={Macroeconomics},
  author={Rush, Mark and Barro, Robert J},
  year={1998},
  publisher={MIT Press}
}

@techreport{alvaredo2013top,
  title={The top 1 percent in international and historical perspective},
  author={Alvaredo, Facundo and Atkinson, Anthony B and Piketty, Thomas and Saez, Emmanuel},
  year={2013},
  institution={National Bureau of Economic Research}
}

@techreport{diplomat2015hypersonic,
  title={Should the Pentagon Fear China’s Newest Weapon?},
  author={Gady, Franz-Stefan},
  year={2015},
  institution={The Diplomat}
}

@book{hdi2015weights,
author = {{United Nations Development Program}},
title = {Human Development Reports},
year = {2015},
publisher = {Retrieved from http://hdr.undp.org/en/content/are-hdi-dimensions-weighted-equally/}
}

@book{viner1958long,
  title={The long view and the short},
  author={Viner, Jacob},
  year={1958},
  publisher={Free}
}

@article{cobb1928theory,
  title={A theory of production},
  author={Cobb, Charles W and Douglas, Paul H},
  journal={The American Economic Review},
  pages={139--165},
  year={1928},
  publisher={JSTOR}
}

@book{aghion2005handbook,
  title={Handbook of economic growth},
  author={Aghion, Philippe and Durlauf, Steven},
  volume={1},
  year={2005},
  publisher={Elsevier}
}

@article{frankel1962production,
  title={The production function in allocation and growth: a synthesis},
  author={Frankel, Marvin},
  journal={The American Economic Review},
  pages={996--1022},
  year={1962},
  publisher={JSTOR}
}

@book{bernanke2015taylor,
  author = {Bernanke, Ben S},
  title = {{The Taylor Rule: A benchmark for monetary policy?}},
  year = 2015,
  publisher={Retrieved from http://www.brookings.edu/blogs/ben-bernanke/posts/2015/04/28-taylor-rule-monetary-policy}
}

@article{diermeier2002political,
  title={A political economy model of congressional careers},
  author={Diermeier, Daniel and Keane, Michael P and Merlo, Antonio},
  year={2002},
  publisher={PIER Working Paper}
}

@article{domar1952economic,
  title={Economic growth: an econometric approach},
  author={Domar, Evsey D},
  journal={The American Economic Review},
  pages={479--495},
  year={1952},
  publisher={JSTOR}
}

@article{smith1776inquiry,
  title={An inquiry into the nature and causes ofthe wealth ofnations},
  author={Smith, Adam},
  journal={London: George Routledge and Sons},
  year={1776}
}

@article{harrod1939,
  title={An essay in dynamic theory},
  author={Harrod, Roy F},
  journal={The Economic Journal},
  pages={14--33},
  year={1939},
  publisher={JSTOR}
}

@article{harrod1948,
  title={Towards a dynamic economics},
  author={Harrod, Roy F},
  year={1948},
  publisher={Macmillan and co}
}

@article{domar1946,
  title={Capital expansion, rate of growth, and employment},
  author={Domar, Evsey D},
  journal={Econometrica, Journal of the Econometric Society},
  pages={137--147},
  year={1946},
  publisher={JSTOR}
}

@article{domar1947,
  title={Expansion and employment},
  author={Domar, Evsey D},
  journal={The American Economic Review},
  pages={34--55},
  year={1947},
  publisher={JSTOR}
}

@article{domar1948,
  title={The problem of capital accumulation},
  author={Domar, Evsey D},
  journal={The American Economic Review},
  pages={777--794},
  year={1948},
  publisher={JSTOR}
}

@article{10.2307/40215877,
 ISSN = {13814338, 15737020},
 URL = {http://www.jstor.org/stable/40215877},
 journal = {Journal of Economic Growth},
 number = {1},
 publisher = {Springer},
 author={Journal of Economic Growth},
 title = {Volume Information},
 volume = {1},
 year = {1996}
}

@book{lucas1987models,
  title={Models of business cycles},
  author={Lucas, Robert E},
  volume={26},
  year={1987},
  publisher={Basil Blackwell Oxford}
}

@article{phelps1961golden,
  title={The golden rule of accumulation: a fable for growthmen},
  author={Phelps, Edmund},
  journal={The American Economic Review},
  pages={638--643},
  year={1961},
  publisher={JSTOR}
}

@article{lucas1990doesn,
  title={Why doesn't capital flow from rich to poor countries?},
  author={Lucas, Robert E},
  journal={The American Economic Review},
  pages={92--96},
  year={1990},
  publisher={JSTOR}
}

@article{alesina2005trade,
  title={Trade, growth and the size of countries},
  author={Alesina, Alberto and Spolaore, Enrico and Wacziarg, Romain},
  journal={Handbook of economic growth},
  volume={1},
  pages={1499--1542},
  year={2005},
  publisher={Elsevier}
}

@book{krugman2011international,
  title={International economics: Theory and policy, 9th ed},
  author={Krugman, Paul R and Obstfeld, Maurice and Melitz, Mark},
  year={2011},
  publisher={Pearson Education India}
}

@techreport{markusen1995international,
  title={International trade: Theory and evidence},
  author={Markusen, James R and Melvin, James R and Maskus, Keith E and Kaempfer, William and others},
  year={1995},
  institution={University Library of Munich, Germany}
}

@book{feenstra2011international,
  title={International Economics, 2nd ed},
  author={Feenstra, R.C. and Taylor, A.M.},
  year={2011},
  publisher={Worth Publishers}
}

@article{krugman1993undergrads,
  title={What do undergrads need to know about trade?},
  author={Krugman, Paul R},
  journal={The American Economic Review},
  volume={83},
  number={2},
  pages={23--26},
  year={1993},
  publisher={JSTOR}
}

@book{kant1795perpetual,
  title={On perpetual peace},
  author={Kant, Immanuel},
  year={1795},
  publisher={Broadview Press}
}

@book{fukuyama2006end,
  title={The end of history and the last man},
  author={Fukuyama, Francis},
  year={2006},
  publisher={Simon and Schuster}
}

@book{schumpeter1951essays,
  title={Essays: On entrepreneurs, innovations, business cycles, and the evolution of capitalism},
  author={Schumpeter, Joseph Alois},
  year={1951},
  publisher={Transaction Publishers}
}



@article{arrow1962economic,
  title={The Economic Implications of Learning by Doing},
  author={Arrow, Kenneth J},
  year={1962}
}

@article{acemoglu2002world,
  title={The world income distribution},
  author={Acemoglu, Daron and Ventura, Jaume},
  journal={The Quarterly Journal of Economics},
  volume={117},
  number={2},
  pages={659--694},
  year={2002},
  publisher={MIT Press}
}

@article{maseland2013parasitical,
  title={Parasitical cultures? The cultural origins of institutions and development},
  author={Maseland, Robbert},
  journal={Journal of Economic Growth},
  volume={18},
  number={2},
  pages={109--136},
  year={2013},
  publisher={Springer}
}

@article{greif1994cultural,
  title={Cultural beliefs and the organization of society: A historical and theoretical reflection on collectivist and individualist societies},
  author={Greif, Avner},
  journal={Journal of political economy},
  volume={102},
  number={5},
  pages={912--950},
  year={1994},
  publisher={The University of Chicago Press}
}

@article{robinson2004historical,
  title={Historical roots of Latin American inequality},
  author={Robinson, James and Sokoloff, Kenneth},
  journal={En World Bank},
  year={2004}
}


@article{north2000order,
  title={Order, disorder and economic change: Latin America vs. North America},
  author={North, Douglass C and Summerhill, William and Weingast, Barry},
  journal={Governing for prosperity},
  volume={19},
  year={2000},
  publisher={Yale University Press New Haven, CT}
}


@article{bertola2010institutions,
  title={Institutions and the historical roots of Latin American divergence},
  author={B{\'e}rtola, Luis},
  year={2010}
}

@article{beck2001legal,
  title={Legal theories of financial development},
  author={Beck, Thorsten and Demirg{\"u}{\c{c}}-Kunt, Asli and Levine, Ross},
  journal={Oxford Review of Economic Policy},
  volume={17},
  number={4},
  pages={483--501},
  year={2001},
  publisher={Oxford University Press}
}

@article{glaeser2002legal,
  title={Legal origins},
  author={Glaeser, Edward L and Shleifer, Andrei},
  journal={The Quarterly Journal of Economics},
  volume={117},
  number={4},
  pages={1193--1229},
  year={2002},
  publisher={MIT Press}
}

@article{porta1998law,
  title={Law and finance},
  author={Porta, Rafael La and Lopez-de-Silanes, Florencio and Shleifer, Andrei and Vishny, Robert W},
  journal={Journal of political economy},
  volume={106},
  number={6},
  pages={1113--1155},
  year={1998},
  publisher={The University of Chicago Press}
}

@article{stulz2003culture,
  title={Culture, openness, and finance},
  author={Stulz, Rene M and Williamson, Rohan},
  journal={Journal of financial Economics},
  volume={70},
  number={3},
  pages={313--349},
  year={2003},
  publisher={Elsevier}
}

@article{beck2003law,
  title={Law, endowments, and finance},
  author={Beck, Thorsten and Demirg{\"u}{\c{c}}-Kunt, Asli and Levine, Ross},
  journal={Journal of Financial Economics},
  volume={70},
  number={2},
  pages={137--181},
  year={2003},
  publisher={Elsevier}
}

@article{hall1999some,
  title={Why do some countries produce so much more output per worker than others?},
  author={Hall, Robert E and Jones, Charles I},
  journal={The quarterly journal of economics},
  volume={114},
  number={1},
  pages={83--116},
  year={1999},
  publisher={MIT Press}
}

@book{kaufmann2006governance,
  title={Governance matters V: aggregate and individual governance indicators for 1996-2005},
  author={Kaufmann, Daniel and Kraay, Aart and Mastruzzi, Massimo},
  volume={4012},
  year={2006},
  publisher={World Bank Publications}
}

@article{acemoglu2001colonial,
  title={The colonial origins of comparative development: an empirical investigation},
  author={Acemoglu, Daron and Johnson, Simon and Robinson, James},
  journal={American Economic Review},
  volume={91},
  number={5},
  pages={1369--1401},
  year={2001}
}

@article{kaufmann1999governance,
  title={Governance Matters', World Bank Policy Research Working Paper No. 2196},
  author={Kaufmann, Daniel and Kraay, Aart and Zoido-Lobaton, Pablo},
  journal={Washington, DC: World Bank},
  year={1999}
}

@article{sachs2002economic,
  title={The economic and social burden of malaria},
  author={Sachs, Jeffrey and Malaney, Pia},
  journal={Nature},
  volume={415},
  number={6872},
  pages={680--685},
  year={2002},
  publisher={Nature Publishing Group}
}

@techreport{engerman2002factor,
  title={Factor endowments, inequality, and paths of development among new world economics},
  author={Engerman, Stanley L and Sokoloff, Kenneth L},
  year={2002},
  institution={National Bureau of Economic Research}
}


@article{zak2001trust,
  title={Trust and growth},
  author={Zak, Paul J and Knack, Stephen},
  journal={The economic journal},
  volume={111},
  number={470},
  pages={295--321},
  year={2001},
  publisher={Wiley Online Library}
}

@article{campante2014isolated,
  title={Isolated capital cities, accountability, and corruption: Evidence from US states},
  author={Campante, Filipe R and others},
  journal={The American Economic Review},
  volume={104},
  number={8},
  pages={2456--2481},
  year={2014},
  publisher={American Economic Association}
}

@article{acemoglu2005institutions,
  title={Institutions as a fundamental cause of long-run growth},
  author={Acemoglu, Daron and Johnson, Simon and Robinson, James A},
  journal={Handbook of economic growth},
  volume={1},
  pages={385--472},
  year={2005},
  publisher={Elsevier}
}

@article{ivanyna2014close,
  title={How close is your government to its people? Worldwide indicators on localization and decentralization},
  author={Ivanyna, Maksym and Shah, Anwar and others},
  journal={Economics: The Open-Access, Open-Assessment E-Journal},
  volume={8},
  number={2014-3},
  pages={1--61},
  year={2014},
  publisher={Kiel: Kiel Institute for the World Economy (IfW)}
}